<?xml version="1.0" encoding="UTF-8"?><collection><record><leader>03700ntm a2200493 a 4500</leader><controlfield tag="001">002563050</controlfield><controlfield tag="003">MiAaHDL</controlfield><controlfield tag="005">20190719000000.0</controlfield><controlfield tag="006">m        d        </controlfield><controlfield tag="007">cr bn ---auaua</controlfield><controlfield tag="008">920923q14961525xx            00||  ara d</controlfield><datafield tag="035" ind1=" " ind2=" "><subfield code="a">(MiU)002563050</subfield></datafield><datafield tag="035" ind1=" " ind2=" "><subfield code="a">sdr-miu002563050</subfield></datafield><datafield tag="035" ind1=" " ind2=" "><subfield code="a">(OCoLC)34365182</subfield></datafield><datafield tag="035" ind1=" " ind2=" "><subfield code="a">(RLIN)MIUH92-A3</subfield></datafield><datafield tag="040" ind1=" " ind2=" "><subfield code="a">MiU</subfield><subfield code="c">MiU</subfield><subfield code="e">appm</subfield><subfield code="d">MiU</subfield></datafield><datafield tag="100" ind1="1" ind2=" "><subfield code="6">880-01</subfield><subfield code="a">Ibn Banafshah, ʻAbd al-Raḥmān al-Jawharī al-Ṣāliḥī,</subfield><subfield code="d">fl. 1494.</subfield></datafield><datafield tag="240" ind1="1" ind2="3"><subfield code="6">880-02</subfield><subfield code="a">al-Durr al-naẓīm fī tashīl al-taqwīm</subfield></datafield><datafield tag="245" ind1="1" ind2="0"><subfield code="6">880-03</subfield><subfield code="a">Kitāb al-durr al-naẓīm fī tashīl al-taqwīm :</subfield><subfield code="k">manuscript,</subfield><subfield code="f">[between 1496 and 1525?] /</subfield><subfield code="c">taʾlīf al-shaykh ʻAbd al-Raḥmān al-Ṣāliḥī.</subfield></datafield><datafield tag="300" ind1=" " ind2=" "><subfield code="a">1</subfield><subfield code="f">v. ([130] p.) ;</subfield><subfield code="c">28 cm.</subfield></datafield><datafield tag="500" ind1=" " ind2=" "><subfield code="a">Spell to alleviate illness written on p. [1]: Yā rabb in kāna tamrīḍī yuqirrunī/zulfá ilayk fa-bāb al-faḍl awsaʻ lī/aw kāna min ajli takfiyat al-adhnāb fa-mā/yuḥtāju ʻafwak lil-aqsām wa-al-ʻilal/hādhihi al-abyāt idhā talāhā al-marīḍ yushfá.</subfield></datafield><datafield tag="500" ind1=" " ind2=" "><subfield code="a">Two pages of text followed by 128 pp. of tables; colored decoration on p. [1].</subfield></datafield><datafield tag="500" ind1=" " ind2=" "><subfield code="a">Date based on presence of calendrical tables for Islamic years 902-931 [1496-1524].</subfield></datafield><datafield tag="510" ind1="4" ind2=" "><subfield code="a">GAL,</subfield><subfield code="c">v. II, p. 160; GAL, Suppl. II, p. 161; King, Survey, p. 78</subfield></datafield><datafield tag="520" ind1="8" ind2=" "><subfield code="a">"Planetary tables for the longitude of Damascus, with an introduction in unnumbered bābs." David A. King, A Survey of the Scientific Manuscripts in the Egyptian National Library (Winona Lake, 1986), p. 78.</subfield></datafield><datafield tag="520" ind1=" " ind2=" "><subfield code="a">"Brief astronomical tables after Ulūgh Beg." Cataloging by Elinor M. Husselman, 1945.</subfield></datafield><datafield tag="538" ind1=" " ind2=" "><subfield code="a">Mode of access: Internet.</subfield></datafield><datafield tag="541" ind1=" " ind2=" "><subfield code="d">07/--/36</subfield><subfield code="3">Manuscript</subfield><subfield code="a">McGregor Fund</subfield><subfield code="c">Purchase, 1933/34</subfield><subfield code="h">120 p.t.</subfield></datafield><datafield tag="545" ind1=" " ind2=" "><subfield code="a">Muwaqqit (timekeeper) at the Umayyad Mosque in Damascus.</subfield></datafield><datafield tag="561" ind1=" " ind2=" "><subfield code="a">taḥrīran fī yawm 7 Dhī al-Ḥijjah sanat 1299 [20 October 1882]; on p. [1], manuscript notes in handwriting of Max Meyerhof.</subfield></datafield><datafield tag="561" ind1=" " ind2=" "><subfield code="a">ḥiyādhat Muḥammad Amīn ibn al-marḥūm al-ḥājj Mūsá Afandī khādim al-ʻilm al-sharīf</subfield></datafield><datafield tag="561" ind1=" " ind2=" "><subfield code="a">Purchased in Cairo, 1933/34. Owners' marks: on p. [1] under 3 lines defaced writing: fī shahr Muḥarram 1140 [August-September 1727]; on p. [1]: qad aʻṭaytu hādhā al-kitāb ilá thamrat fuʾādī waladī Ibrāhīm Kāmil yataṣarraf fīhi kayfa yashāʾ jaʻalahu Allāh min al-ʻulamāʾ al-wāṣilīn wa-min suʻadāʾ al-dārīn āmīn taḥrīran fī 7 Dhī al-Ḥijjah sanat 1299 [20 October 1882] Muḥammad [?] wālid Ibrāhīm Kāmil; on p. [1]: dakhala hādhā al-kitāb fī</subfield></datafield><datafield tag="600" ind1="0" ind2="0"><subfield code="6">880-04</subfield><subfield code="a">Ulugh Beg,</subfield><subfield code="d">1394-1449.</subfield><subfield code="t">Zīj al-raṣad al-jadīd.</subfield></datafield><datafield tag="650" ind1=" " ind2="0"><subfield code="a">Astronomy, Arab</subfield><subfield code="v">Tables</subfield><subfield code="y">Early works to 1800.</subfield></datafield><datafield tag="650" ind1=" " ind2="0"><subfield code="a">Planets</subfield><subfield code="v">Observations</subfield><subfield code="v">Tables</subfield><subfield code="y">Early works to 1800.</subfield></datafield><datafield tag="650" ind1=" " ind2="0"><subfield code="a">Astronomy, Arab</subfield><subfield code="v">Early works to 1800.</subfield></datafield><datafield tag="650" ind1=" " ind2="0"><subfield code="a">Manuscripts, Arabic</subfield><subfield code="z">Michigan</subfield><subfield code="z">Ann Arbor.</subfield></datafield><datafield tag="700" ind1="0" ind2="0"><subfield code="6">880-05</subfield><subfield code="a">Ulugh Beg,</subfield><subfield code="d">1394-1449.</subfield><subfield code="t">Zīj al-raṣad al-jadīd.</subfield></datafield><datafield tag="700" ind1="1" ind2=" "><subfield code="a">Meyerhof, Max,</subfield><subfield code="d">1874-1945,</subfield><subfield code="e">former owner.</subfield></datafield><datafield tag="773" ind1="0" ind2=" "><subfield code="a">Tracy W. McGregor Collection of Arabic, Persian, and Turkish Mathematical and Astronomical Manuscripts.</subfield><subfield code="7">unbc</subfield><subfield code="w">(CStRLIN)MIUH92-A20.</subfield></datafield><datafield tag="880" ind1="0" ind2="0"><subfield code="6">700-05/</subfield><subfield code="a">ألوغ بك.</subfield><subfield code="t">زيج الرصد الجديد.</subfield></datafield><datafield tag="880" ind1="0" ind2="0"><subfield code="6">600-04/</subfield><subfield code="a">ألوغ بك.</subfield><subfield code="t">زيج الرصد الجديد.</subfield></datafield><datafield tag="880" ind1="1" ind2="0"><subfield code="6">245-03/</subfield><subfield code="a">كتاب الدر النظيم في تسهيل التقويم :</subfield><subfield code="k">manuscript،</subfield><subfield code="f">[between 1496 and 1525?] /</subfield><subfield code="c">تأليف الشيخ عبد الرحمن الصالحي.</subfield></datafield><datafield tag="880" ind1="1" ind2="2"><subfield code="6">240-02/</subfield><subfield code="a">الدر النظيم في تسهيل التقويم</subfield></datafield><datafield tag="880" ind1="0" ind2=" "><subfield code="6">100-01/</subfield><subfield code="a">عبد الرحمن الجوهري الصالحي بن بنفشة.</subfield></datafield><datafield tag="CID" ind1=" " ind2=" "><subfield code="a">002563050</subfield></datafield><datafield tag="DAT" ind1="0" ind2=" "><subfield code="a">20190719102632.0</subfield><subfield code="b">20190719000000.0</subfield></datafield><datafield tag="DAT" ind1="1" ind2=" "><subfield code="a">20190719090653.0</subfield><subfield code="b">2019-07-19T16:10:30Z</subfield></datafield><datafield tag="DAT" ind1="2" ind2=" "><subfield code="a">2015-10-02T18:00:03Z</subfield></datafield><datafield tag="CAT" ind1=" " ind2=" "><subfield code="a">SDR-MIU</subfield><subfield code="d">EX LIBRIS - ALEPH</subfield><subfield code="l">prepare.pl-004-008</subfield></datafield><datafield tag="FMT" ind1=" " ind2=" "><subfield code="a">BK</subfield></datafield><datafield tag="HOL" ind1=" " ind2=" "><subfield code="0">sdr-miu002563050</subfield><subfield code="a">MiU</subfield><subfield code="b">SDR</subfield><subfield code="c">MIU</subfield><subfield code="p">mdp.39015081446638</subfield><subfield code="s">MIU</subfield><subfield code="1">002563050</subfield></datafield><datafield tag="974" ind1=" " ind2=" "><subfield code="b">MIU</subfield><subfield code="c">MIU</subfield><subfield code="d">20190719</subfield><subfield code="s">lit-dlps-dc</subfield><subfield code="u">mdp.39015081446638</subfield><subfield code="y">1525</subfield><subfield code="r">pd</subfield><subfield code="q">bib</subfield><subfield code="t">non-US bib date2 &lt; 1896</subfield></datafield></record></collection>